@FOOTNOTE{Note1,key="Note1",note="In fact, the same condition holds when $f$ and $g$ are power laws with the same exponent."}
